@techreport{EDNS,
  author = {J. Damas and M. Graff and P. Vixie},
  title = {Extension Mechanisms for DNS (EDNS(0))},
  howpublished = {Internet Requests for Comments},
  type = {STD},
  number = {75},
  year = {2013},
  issn = {2070-1721},
  publisher = {RFC Editor},
  institution = {RFC Editor},
}

@misc{DKIM,
	series =	{Request for Comments},
	number =	{5585},
	howpublished =	{RFC 5585},
	publisher =	{RFC Editor},
	doi =		{10.17487/RFC5585},
	url =		{https://rfc-editor.org/rfc/rfc5585.txt},
	author =	{Dave Crocker and Phillip Hallam-Baker and Tony Hansen},
	title =		{{DomainKeys Identified Mail (DKIM) Service Overview}},
	pagetotal =	{24},
	year =		{2009},
}

@article{Ariya,
    title={Security vulnerabilities in DNS and DNSSEC},
    DOI={10.1109/ares.2007.139},
    journal={The Second International Conference on Availability, Reliability and Security (ARES'07)},
    author={Ariyapperuma, Suranjith and Mitchell, Chris J.},
    year={2007}
}
